
@article{paulson_isabelle_nodate,
	title = {Isabelle: The Next 700 Theorem Provers},
	pages = {24},
	author = {Paulson, Lawrence C},
	urldate = {2021-03-15},
	langid = {english},
	file = {Paulson - Isabelle The Next 700 Theorem Provers.pdf:/home/sewi/Zotero/storage/B7XBHIBI/Paulson - Isabelle The Next 700 Theorem Provers.pdf:application/pdf},
}

@book{abiteboul_foundations_1995,
	location = {Reading, Mass},
	title = {Foundations of databases},
	isbn = {978-0-201-53771-0},
	pagetotal = {22-25},
	publisher = {Addison-Wesley},
	author = {Abiteboul, S. and Hull, Richard and Vianu, Victor},
	urldate = {2021-03-23},
	date = {1995},
	langid = {english},
	keywords = {Database management},
	file = {Abiteboul et al. - 1995 - Foundations of databases.pdf:/home/sewi/Zotero/storage/6SNVVBPS/Abiteboul et al. - 1995 - Foundations of databases.pdf:application/pdf},
}